% Encoding: windows-1252

@Book{Reto2017,
  author = {Reto, Meier},
  title  = {Professional Android Development},
  year   = {2017},
}

@Online{Todd2017,
  author = {Todd, Alex and Barraclough, Chris},
  editor = {Recombu},
  title  = {What is Android and what is an Android phone?},
  year   = {2017},
  date   = {2017-06-28},
  url    = {https://recombu.com/mobile/article/what-is-android-and-what-is-an-android-phone_M12615.html#},
}

@Book{murphymarkl.2017,
  author  = {Murphy, Mark L.},
  title   = {The Busy Coder's Guide to Android Development},
  year    = {2017},
  volume  = {CommonsWare},
  address = {https://commonsware.com/Android/},
}

@Online{Google2017,
  author = {Google},
  title  = {Android Developers Guide},
  year   = {2017},
  url    = {https://developer.android.com/guide/platform/index.html},
  month  = {sep},
  day    = {07},
}

@Online{alliance,
  title = {Open Handset Alliance},
  year  = {2017},
  url   = {https://www.openhandsetalliance.com/},
}

@Online{Limbani2014,
  author = {Limbani, Bhavik},
  title  = {{ART} vs Dalvik, Introducing the new Android x86 Runtime},
  date   = {2014-10-17},
  url    = {https://www.slideshare.net/limaniBhavik/artaot-vs-dalvikjit},
}

@Online{Android2019,
  author = {Source Android},
  title  = {{ART} and Dalvik},
  date   = {2017-30-08},
  url    = {https://source.android.com/devices/tech/dalvik/},
}

@Online{Vitas2013,
  author = {Vitas, Marko},
  editor = {Infinium.co},
  title  = {{ART} vs Dalvik - introducing the new Android runtime in KitKat},
  date   = {2013-12-04},
  url    = {https://infinum.co/the-capsized-eight/art-vs-dalvik-introducing-the-new-android-runtime-in-kit-kat},
}

@Online{Developers19,
  author = {Android Developers},
  title  = {The Activity Lifecycle},
  date   = {19/09/2017},
  url    = {https://developer.android.com/guide/components/activities/activity-lifecycle.html},
}

@Online{Buysse19,
  author = {Buysse, Jens},
  title  = {Example application demonstrating the functionality of Activities},
  date   = {2017-9-17},
  url    = {https://github.com/eothein/ActivityExample},
}

@Electronic{Google2017c,
  author = {Google},
  title  = {Material Design},
  year   = {2017},
  url    = {https://material.io/guidelines/patterns/navigation.html},
}

@Electronic{Tamada2013,
  author = {Tamada, Ravi},
  title  = {Android Material Design working with Tabs},
  date   = {2013-09-13},
  url    = {http://www.androidhive.info/2015/09/android-material-design-working-with-tabs/},
}

@Electronic{Google2017a,
  author = {Google},
  title  = {Creating a Navigation Drawer},
  year   = {2017},
  url    = {https://developer.android.com/training/implementing-navigation/nav-drawer.html},
}

@Article{Kieft2014,
  author  = {Kieft, Tyler},
  title   = {Building a better Instagram app for Android},
  journal = {Instagram Engineering},
  date    = {2014-09-13},
  url     = {https://engineering.instagram.com/building-a-better-instagram-app-for-android-c08f973662b},
}

@Electronic{Google2017b,
  author = {Google},
  editor = {Android Studio},
  title  = {Debug {GPU} Overdraw Walkthrough},
  year   = {2017},
  url    = {https://developer.android.com/studio/profile/dev-options-overdraw.html},
}

@Electronic{Point2017,
  author = {Tutorials Point},
  title  = {Android - Fragment},
  year   = {2017},
  url    = {https://www.tutorialspoint.com/android/android_fragments.htm},
}

@Electronic{Guide2017,
  author = {Android Developers Guide},
  title  = {Building a Dynamic UI with Fragments},
  year   = {2017},
  url    = {https://developer.android.com/training/basics/fragments/index.html},
}

@Electronic{TueDao2017,
  author = {Tue Dao, Huyen and Gleason, Lance},
  editor = {Raywenderlich},
  title  = {Android Fragments Tutorial: An Introduction with Kotlin},
  date   = {2017-10-11},
  url    = {https://www.raywenderlich.com/169885/android-fragments-tutorial-introduction-2},
}

@Electronic{Buysse18,
  author = {Buysse, Jens},
  editor = {Github},
  title  = {Intent example application},
  date   = {18/11/2017},
  url    = {https://github.com/eothein/intents},
}

@Electronic{Li2016,
  author = {Li, Jing},
  editor = {Github},
  title  = {AwesomeValidation},
  year   = {2016},
  url    = {https://github.com/thyrlian/AwesomeValidation},
}

@Comment{jabref-meta: databaseType:biblatex;}
